%% This BibTeX bibliography file was created using BibDesk.
%% https://bibdesk.sourceforge.io/

%% Created for Dogan Akpinar at 2019-09-16 12:44:25 +0100 


%% Saved with string encoding Unicode (UTF-8) 



@article{NormFactorCoppins,
	Author = {Willis C. , Coppins M. , Bacharis M. and Allen J.},
	Date-Added = {2019-09-16 12:38:04 +0100},
	Date-Modified = {2019-09-16 12:39:23 +0100},
	Journal = {Physical Review E},
	Title = {Floating potential of large dust grains in a collisionless flowing plasma},
	Volume = {85(3):036403},
	Year = {2012}}

@article{NormFactor,
	Author = {Michael Shull J.},
	Date-Added = {2019-09-16 12:36:31 +0100},
	Date-Modified = {2019-09-16 12:37:29 +0100},
	Journal = {The Astrophysical Journal},
	Title = {Disruption and sputtering of grains in intermediate-velocity interstellar clouds},
	Volume = {226:858--862},
	Year = { 1978}}

@article{Coppins,
	Author = {Willis C. T. N. , Coppins M. , Bacharis M. and Allen J. E. },
	Date-Added = {2019-09-16 12:32:46 +0100},
	Date-Modified = {2019-09-16 12:34:11 +0100},
	Journal = {Plasma Sources Science and Technology},
	Title = {The effect of dust grain size on the floating potential of dust in a collisionless plasma},
	Volume = {19(6):065022},
	Year = {2010}}

@book{SandM,
	Author = {Shukla P. K.  and Mamun A. A. },
	Date-Added = {2019-09-16 12:25:46 +0100},
	Date-Modified = {2019-09-16 12:29:11 +0100},
	Publisher = {Bristol, UK: Institute of Physics Publishing},
	Title = {Introduction to Dusty Plasma Physics},
	Year = {2002}}

@webpage{99percent,
	Author = {APS Physics},
	Date-Added = {2019-09-16 12:17:27 +0100},
	Date-Modified = {2019-09-16 12:20:41 +0100},
	Title = {Physics in action - Plasma power},
	Url = {https://www.physicscentral.com/explore/action/plasma.cfm}}

@article{Angelis,
	Author = {Allen J.E., Annaratone B.M. & de ANGELIS U.},
	Date-Added = {2019-09-03 14:54:16 +0100},
	Date-Modified = {2019-09-03 15:11:03 +0100},
	Journal = {Journal of Plasma Physics},
	Month = {September},
	Pages = {299-309},
	Title = {On the orbital motion limited theory for a small body at floating potential in a Maxwellian plasma},
	Volume = {63.4},
	Year = {2000}}

@article{OriginalOML,
	Author = {Mott-Smith H. and Langmuir I.},
	Date-Added = {2019-09-02 17:02:26 +0100},
	Date-Modified = {2019-09-13 11:56:34 +0100},
	Journal = {Physical Review},
	Pages = {727--763},
	Title = {The theory of collectors in gaseous discharges},
	Volume = {28(4)},
	Year = {1926}}

@article{OML,
	Author = {Kennedy R. V. and Allen J. E.},
	Date-Added = {2019-09-02 16:55:57 +0100},
	Date-Modified = {2019-09-13 11:55:57 +0100},
	Journal = {Journal of Plasma Physics},
	Pages = {485-506},
	Title = {The Floating Potential of Spherical Probes and Dust Grains. II: Orbital Motion Theory},
	Volume = {69.6},
	Year = {2002}}

@article{ABR,
	Author = {Kennedy R. V. and Allen J. E.},
	Date-Added = {2019-09-02 16:52:40 +0100},
	Date-Modified = {2019-09-13 11:56:09 +0100},
	Journal = {Journal of Plasma Physics},
	Pages = {243-50},
	Title = {The Floating Potential of Spherical Probes and Dust Grains. Part 1. Radial Motion Theory},
	Volume = {67.4},
	Year = {2002}}

@phdthesis{Willis,
	Author = {Willis, Christopher Thomas Nigel},
	Date-Added = {2019-09-02 16:44:18 +0100},
	Date-Modified = {2019-09-02 16:53:07 +0100},
	Month = {March},
	School = {Imperial College London},
	Title = {Dust in stationary and flowing plasmas},
	Type = {Physics PhD Thesis},
	Year = {2012}}

@phdthesis{Thomas,
	Author = {Thomas, Drew Mercos},
	Date-Added = {2019-09-02 16:40:05 +0100},
	Date-Modified = {2019-09-02 16:52:58 +0100},
	Month = {March},
	School = {Imperial College London},
	Title = {Theory and simulation of the charging of dust in plasmas},
	Type = {Physics PhD Thesis},
	Year = {2016}}
